% ------------------------------------------------------------------------------------------------------------
% ANTHROPOLOGY AND FORENSIC ----------------------------------------------------------------------------------
% ------------------------------------------------------------------------------------------------------------

% ARTÍCULOS --------------------------------------------------------------------------------------------------

@article{sanchisgimeno2024,
      title       = {Identification success rates in the post-Spanish Civil War mass graves located in the cemetery of Paterna, Spain: Meta-research on 15 mass graves with 933 subjects},
      author      = {Juan A. Sanchis-Gimeno and Javier Iglesias-Bexiga and Marisol E. Schwab and Gema López-García and Eloy Ariza and Alejando Calpe and Miguel Mezquida and Shahed Nalla and Ilker Ercan},
      date        = {2024-08}, 
      journal     = {Forensic Science International},
      volume      = {361},
      pages       = {112-122}, 
} 

@article{baeta2015,
      title       = {Digging up the recent Spanish memory: genetic identification of human remains from mass graves of the Spanish Civil War and posterior dictatorship},
      author      = {Miriam Baeta and Carolina Núñez and Sergio Cardoso and Leire Palencia-Madrid and Lourdes Herrasti and Francisco Etxeberria and Marian M. {de Pancorbo}},
      year        = {2015},
      journal     = {Forensic Science International: Genetics},
      volume      = {19},
      pages       = {272-279},
}

@article{ataliva2024, 
      title       = {Arqueología Forense y prácticas genocidas del Cono Sur americano: reflexionando desde los confines}, 
      author      = {Víctor Ataliva and Nicole Fuenzalida Bahamondes and Carlos Marín Suárez and Bruno Rosignoli}, 
      date        = {2024-06},
      journal     = {Revista de Arqueología Americana}, 
      volume      = {41},
      pages       = {403–441} 
}

%@article{arinmanymanso2022,
      title       = {Forensic medicine and human rights},
      author      = {Josep Arimany-Manso and Amadeo Pujol-Robinat and Eneko Barbería},
      year        = {2022},
      journal     = {Spanish Journal of Legal Medicine},
      volume      = {48},
      number      = {4},
      pages       = {133-135},
}

@article{cordner2017,
      title       = {Humanitarian forensic action — Its origins and future},
      author      = {Stephen Cordner and Morris Tidball-Binz},
      year        = {2017},
      journal     = {Forensic Science International},
      volume      = {279},
      pages       = {65-71},
}

@article{tanaka2020,
      title       = {International Humanitarian Law (IHL) and Forensic Document Examination},
      author      = {Tobin Tanaka},
      year        = {2020},
      journal     = {Journal of the American Society of Questioned Document Examiners},
      volume      = {23},
      number      = {1},
}

@article{higgins2015,
      title       = {Differential Nuclear and Mitochondrial DNA Preservation in Post-Mortem Teeth with Implications for Forensic and Ancient DNA Studies},
      author      = {Denice Higgins and Adam B. Rohrlach and John Kaidonis and Grant Townsend and Jeremy J. Austin}, 
      year        = {2015},
      journal     = {PLoS One}, 
      volume      = {10},
      number      = {5},
      pages       = {1-17},
}

@article{latham2018,
      title       = {DNA Recovery and Analysis from Skeletal Material in Modern Forensic Contexts},
      author      = {Krista E. Latham and Jessica J. Miller},
      year        = {2018},
      journal     = {Forensic Sciences Research},
      volume      = {4},
      number      = {1},
      pages       = {51-59},
}

@article{ubelaker2019,
      title       = {Estimation of age in forensic anthropology: historical perspective and recent methodological advances},
      author      = {Douglas H. Ubelaker and Haley Khosrowshahi},
      year        = {2019},
      journal     = {Forensic Sciences Research},
      volume      = {4},
      number      = {1},
      pages       = {1-9},
}

@article{ferrante2009,
      title       = {Statistical methods to assess the reliability of measurements in procedures for forensic age estimation},
      author      = {Luigi Ferrante and Roberto Cameriere},
      year        = {2009},
      journal     = {International Journal of Legal Medicine},
      volume      = {123},
      number      = {4},
      pages       = {277-283},
}

%@article{alsalihi2002,
      title       = {Skeletal Age Determination of the Symphysis Pubis for Forensic Purposes: Analysis of an Iraqi Series},
      author      = {Anam R. Al-Salihi and Emad H. Al-Azawi and Akram A. Jaffar and Faiq A. Bakr},
      year        = {2002},
      journal     = {The mankind quarterly},
      volume      = {42},
      pages       = {345-353},
}

%@article{lamendin1992,
      title       = {A simple technique for age estimation in adult corpses: the two criteria dental method},
      author      = {H. Lamendin and E. Baccino and J.F. Humbert and J.C. Tavernier and R.H. Nossintchouk and A. Zerilli},
      year        = {1992},
      journal     = {Journal of forensic sciences},
      volume      = {37},
      number      = {5},
      pages       = {1373-1379},
}

@article{lovejoy1985,
      title       = {Chronological metamorphosis of the auricular surface of the ilium: A new method for the determination of adult skeletal age at death},
      author      = {C. Owen Lovejoy and Richard S. Meindl and Thomas R. Pryzbeck and Robert P. Mensforth},
      year        = {1985},
      journal     = {American journal of physical anthropology},
      volume      = {68},
      pages       = {15-28},
}

@article{iscan1984,
      title       = {Metamorphosis at the sternal rib end: A new method to estimate age at death in white males},
      author      = {İşcan, M. Yaşar and Loth, Susan R. and Wright, Ronald K.},
      year        = {1984},
      journal     = {American Journal of Physical Anthropology},
      volume      = {65},
      number      = {2},
      pages       = {147-156},
      publisher   = {Wiley Online Library}
}

@article{meindl1985,
      title       = {Ectocranial suture closure: A revised method for the determination of skeletal age at death based on the lateral-anterior sutures},
      author      = {Meindl, Richard S. and Lovejoy, C. Owen},
      year        = {1985},
      journal     = {American Journal of Physical Anthropology},
      volume      = {68},
      number      = {1},
      pages       = {57-66},
      publisher   = {Wiley Online Library}
}

@article{merritt2015,
      title       = {The influence of body size on adult skeletal age estimation methods},
      author      = {Merritt, Catherine E.},
      year        = {2015},
      journal     = {American Journal of Physical Anthropology},
      volume      = {156},
      number      = {1},
      pages       = {35-57},
      publisher   = {Wiley Online Library}
}

@article{wescott2015,
      title       = {Effect of obesity on the reliability of age-at-death indicators of the pelvis},
      author      = {Wescott, Daniel J. and Drew, Jessica L.},
      year        = {2015},
      journal     = {American Journal of Physical Anthropology},
      volume      = {156},
      number      = {4},
      pages       = {595-605},
      publisher   = {Wiley Online Library}
}

@article{langley2018,
      title       = {Error quantification of osteometric data in forensic anthropology},
      author      = {Langley, Natalie R. and Jantz, Lee Meadows and McNulty, Shauna and Maijanen, Heli and Ousley, Stephen D. and Jantz, Richard L.},
      year        = {2018},
      journal     = {Forensic Science International},
      volume      = {287},
      pages       = {183-189},
      publisher   = {Elsevier}
}

@article{curate2017,
      title       = {Sex determination from the femur in Portuguese populations with classical and machine-learning classifiers},
      author      = {F. Curate and C. Umbelino and A. Perinha and C. Nogueira and A.M. Silva and E. Cunha},
      year        = {2017},
      journal     = {Journal of Forensic and Legal Medicine},
      volume      = {52},
      pages       = {75-81},
      publisher   = {Elsevier},
}

@article{pinto2016,
      title       = {Two-Dimensional Wavelet Analysis of Supraorbital Margins of the Human Skull for Characterizing Sexual Dimorphism}, 
      author      = {Pinto, Sílvia C. D. and Urbanová, Petra and Cesar-Jr, Roberto M.},
      year        = {2016},
      journal     = {IEEE Transactions on Information Forensics and Security}, 
      volume      = {11},
      number      = {7},
      pages       = {1542-1548},
}

@article{kim2017,
      title       = {Computerized Bone Age Estimation Using Deep Learning Based Program: Evaluation of the Accuracy and Efficiency},
      author      = {Kim, Jeong Rye and Shim, Woo Hyun and Yoon, Hee Mang and Hong, Sang Hyup and Lee, Jin Seong and Cho, Young Ah and Kim, Sangki},
      year        = {2017},
      journal     = {American Journal of Roentgenology},
      volume      = {209},
      number      = {6},
      pages       = {1374-1380},
}

@article{larson2018,
      title       = {Performance of a Deep-Learning Neural Network Model in Assessing Skeletal Maturity on Pediatric Hand Radiographs},
      author      = {Larson, David and Chen, Matthew and Lungren, Matthew and Halabi, Safwan and Stence, Nicholas and Langlotz, Curtis},
      year        = {2018},
      journal     = {Radiology},
      volume      = {287},
      pages       = {313-322},
}

@article{lee2017,
      title       = {Fully Automated Deep Learning System for Bone Age Assessment},
      author      = {Lee, Hyunkwang and Tajmir, Shahein and Zissen, Maurice and Yeshiwas, Bethel and Alkasab, Tarik and Choy, Garry and Do, Synho},
      year        = {2017},
      journal     = {Journal of digital imaging},
      volume      = {30},
      pages       = {427-441},
}

@article{garvin2012,
      title       = {Current Practices by Forensic Anthropologists in Adult Skeletal Age Estimation},
      author      = {Garvin, Heather and Passalacqua, Nicholas},
      year        = {2011},
      journal     = {Journal of forensic sciences},
      volume      = {57},
      pages       = {427-433},
}

@article{ross2021a,
      title       = {Ancestry Studies in Forensic Anthropology: Back on the Frontier of Racism},
      author      = {Ross, A.H. and Williams, S.E.},
      year        = {2021},
      journal     = {Biology},
      volume      = {10},
      number      = {7},
      pages       = {602},
}

@article{ross2021b,
      title       = {The need to incorporate human variation and evolutionary theory in forensic anthropology: A call for reform},
      author      = {Ross, A.H. and Pilloud, M.},
      year        = {2021},
      journal     = {American Journal of Physical Anthropology},
      volume      = {176},
      number      = {4},
      pages       = {672-683},
}

@article{nakhaeizadeh2014,
      title       = {Cognitive bias in forensic anthropology: Visual assessment of skeletal remains is susceptible to confirmation bias},
      author      = {Sherry Nakhaeizadeh and Itiel E. Dror and Ruth M. Morgan},
      year        = {2014},
      journal     = {Science \& Justice},
      volume      = {54},
      number      = {3},
      pages       = {208-214},
}

@article{cooper2019,
      title       = {Cognitive bias research in forensic science: A systematic review},
      author      = {Glinda S. Cooper and Vanessa Meterko},
      year        = {2019},
      journal     = {Forensic Science International},
      volume      = {297},
      pages       = {35-46},
}

@article{ubelaker2017,
      title       = {Population variation in skeletal sexual dimorphism},
      author      = {Douglas H. Ubelaker and Cassandra M. DeGaglia},
      year        = {2017},
      journal     = {Forensic Science International},
      volume      = {278},
      pages       = {407.e1-407.e7},
}

@article{ajafernandez2004,
      title       = {A computational TW3 classifier for skeletal maturity assessment. A Computing with Words approach},
      author      = {Aja-Fernández, S. and de Luis-García, R. and Martín-Fernández, M.A. and Alberola-López, C.},
      year        = {2004},
      journal     = {Journal of Biomedical Informatics},
      volume      = {37},
      number      = {2},
      pages       = {99-107},
}

@article{stern2019,
      title       = {Automated age estimation from MRI volumes of the hand},
      author      = {Štern, D. and Payer, C. and Urschler, M.},
      journal     = {Medical Image Analysis},
      volume      = {58},
      pages       = {101538},
      year        = {2019},
}

@article{venema2022,
      title       = {Employing deep learning for sex estimation of adult individuals using 2D images of the humerus},
      author      = {Venema, J. and Peula, D. and Irurita, J. and Mesejo, P.},
      year        = {2022},
      journal     = {Neural Comput \& Applic},
      volume      = {35},
      pages       = {5987-5998},
}

@article{park2024,
      title       = {Automatic and robust estimation of sex and chronological age from panoramic radiographs using a multi-task deep learning network: a study on a South Korean population},
      author      = {Park, SJ. and Yang, S. and Kim, JM. and Kang, JH. and Kim, JE. and Huh, KH. and Lee, SS. and Yi, WJ. and Heo, MS.},
      year        = {2024},
      journal     = {Int J Legal Med},
      volume      = {138},
      pages       = {1741-1757},
}

@article{imaizumi2021,
      title       = {Development of an age estimation method for bones based on machine learning using post-mortem computed tomography images of bones},
      author      = {Kazuhiko Imaizumi and Shiori Usui and Kei Taniguchi and Yoshinori Ogawa and Takeshi Nagata and Kazunori Kaga and Hideyuki Hayakawa and Seiji Shiotani},
      year        = {2021},
      journal     = {Forensic Imaging},
      volume      = {26},
      pages       = {200477},
}

@article{stepanovsky2024,
      title       = {Application of machine-learning methods in age-at-death estimation from 3D surface scans of the adult acetabulum},
      author      = {Štepanovský, M. and Buk, Z. and Pilmann Kotěrová, A. and Brůžek, J. and Bejdová, Š. and Techataweewan, N. and Velemínská, J.},
      year        = {2024},
      journal     = {Forensic science international},
      volume      = {365},
      pages       = {112272},
}

@article{heinrich2024,
      title       = {Accelerating computer vision-based human identification through the integration of deep learning-based age estimation from 2 to 89 years},
      author      = {Heinrich, A.},
      year        = {2024},
      journal     = {Sci Rep},
      volume      = {14},
      pages       = {4195},
}

@article{porto2020,
      title       = { Estimating sex and age from a face: a forensic approach using machine learning based on photo-anthropometric indexes of the Brazilian population},
      author      = {Porto, L.F. and Lima, L.N.C. and Franco, A. and Pianto, D. and Machado, C.E.P. and Vidal, F.B.},
      year        = {2020},
      journal     = { International journal of legal medicine},
      volume      = {134(6)},
      pages       = {2239-2259},
}

@article{bidmos2023,
      author      = {Bidmos, Mubarak A. and Olateju, Oladiran I. and Latiff, Sabiha and Rahman, Tawsifur and Chowdhury, Muhammad E.H.},
      title       = {Machine learning and discriminant function analysis in the formulation of generic models for sex prediction using patella measurements},
      journal     = {International Journal of Legal Medicine},
      year        = {2023},
      volume      = {137},
      number      = {2},
      pages       = {471-485},
}

@article{beauthier2009,
      title       = {Mass Disaster Victim Identification: The Tsunami Experience},
      author      = {Beauthier, Jean-Pol and {De Valck}, Eddy and Lefèvre, P and {De Winne}, J},
      journal     = {The Open Forensic Science Journal},
      volume      = {2},
      number      = {1},
      pages       = {54-62},
      year        = {2009},
      publisher   = {Bentham Science Publishers Ltd.}
}

@article{verma2020,
      title       = {Stature estimation in forensic examinations using regression analysis: A likelihood ratio perspective},
      author      = {Verma, Rajesh and Krishan, Kewal and Rani, Deepika and Kumar, Ajay and Sharma, Vishal},
      year        = {2020},
      journal     = {Forensic Science International: Reports},
      volume      = {2},
      pages       = {100069},
}

@article{berst2001,
      title       = {Effect of knowledge of chronologic age on the variability of pediatric bone age determined using the Greulich and Pyle standards},
      author      = {Berst, Matthew J and Dolan, Lori and Bogdanowicz, Marta M and Stevens, Max A and Chow, Shirley and Brandser, Eric A},
      journal     = {American Journal of Roentgenology},
      volume      = {176},
      number      = {2},
      pages       = {507-510},
      year        = {2001},
      publisher   = {American Roentgen Ray Society}
}

@article{martin2009,
      title       = {Clinical application of automated Greulich-Pyle bone age determination in children with short stature},
      author      = {Martin, David D and Deusch, Dorothee and Schweizer, Roland and Binder, Gerhard and Thodberg, Hans Henrik and Ranke, Michael B},
      journal     = {Pediatric radiology},
      volume      = {39},
      pages       = {598-607},
      year        = {2009},
      publisher   = {Springer}
}

@article{martin2011,
      title       = {Validation of automatic bone age rating in children with precocious and early puberty},
      author      = {Martin, David D and Meister, Kathrin and Schweizer, Roland and Ranke, Michael B and Thodberg, Hans Henrik and Binder, Gerhard},
      year        = {2011},
      publisher   = {Walter de Gruyter}
}

@article{thodberg2008,
      title       = {The BoneXpert method for automated determination of skeletal maturity},
      author      = {Thodberg, Hans Henrik and Kreiborg, Sven and Juul, Anders and Pedersen, Karen Damgaard},
      journal     = {IEEE transactions on medical imaging},
      volume      = {28},
      number      = {1},
      pages       = {52-66},
      year        = {2008},
      publisher   = {IEEE}
}

@article{van2009,
      title       = {Automatic determination of Greulich and Pyle bone age in healthy Dutch children},
      author      = {van Rijn, Rick R and Lequin, Maarten H and Thodberg, Hans Henrik},
      journal     = {Pediatric radiology},
      volume      = {39},
      pages       = {591-597},
      year        = {2009},
      publisher   = {Springer}
}

@article{martin2010,
      title       = {Validation of a new method for automated determination of bone age in Japanese children},
      author      = {Martin, David D and Sato, Koshi and Sato, Mari and Thodberg, Hans Henrik and Tanaka, Toshiaki},
      journal     = {Hormone research in paediatrics},
      volume      = {73},
      number      = {5},
      pages       = {398-404},
      year        = {2010},
      publisher   = {S. Karger AG Basel, Switzerland}
}

@article{thodberg2010,
      title       = {Validation and reference values of automated bone age determination for four ethnicities},
      author      = {Thodberg, Hans Henrik and Sävendahl, Lars},
      journal     = {Academic radiology},
      volume      = {17},
      number      = {11},
      pages       = {1425-1432},
      year        = {2010},
      publisher   = {Elsevier}
}

@article{cameriere2006,
      title       = {Age estimation in children by measurement of open apices in teeth},
      author      = {Cameriere, Roberto and Ferrante, Luigi and Cingolani, Mariano},
      journal     = {International journal of legal medicine},
      volume      = {120},
      pages       = {49-52},
      year        = {2006},
      publisher   = {Springer}
}

@article{brooks1990,
      title       = {Skeletal age determination based on the os pubis: a comparison of the Acs{\'a}di-Nemesk{\'e}ri and Suchey-Brooks methods},
      author      = {Brooks, Sheilagh and Suchey, Judy M},
      journal     = {Human evolution},
      volume      = {5},
      pages       = {227-238},
      year        = {1990},
      publisher   = {Springer}
}

@article{baccino2014,
      title       = {The two step procedure (TSP) for the determination of age at death of adult human remains in forensic cases},
      author      = {Baccino, Eric and Sinfield, Laura and Colomb, Sophie and Baum, Thierry Pascal and Martrille, Laurent},
      journal     = {Forensic science international},
      volume      = {244},
      pages       = {247-251},
      year        = {2014},
      publisher   = {Elsevier}
}

@article{rao1989,
      title       = {Mandibular canine index — A clue for establishing sex identity},
      author      = {Nageshkumar G. Rao and Nirmala N. Rao and M.Lakshman Pai and M. {Shashidhar Kotian}},
      journal     = {Forensic Science International},
      volume      = {42},
      pages       = {249-254},
      year        = {1989},
      number      = {3},
}

@article{indira2012,
      title       = {Mandibular ramus: An indicator for sex determination-A digital radiographic study},
      author      = {Indira, Annamalai Ponnuswamy and Markande, Archana and David, Maria P},
      journal     = {Journal of forensic dental sciences},
      volume      = {4},
      number      = {2},
      pages       = {58-62},   
      year        = {2012},
      publisher   = {Medknow}
}

@article{garvin2012,
      title       = {Developments in forensic anthropology: age-at-death estimation},
      author      = {Garvin, Heather M and Passalacqua, Nicholas V and Uhl, Natalie M and Gipson, Desina R and Overbury, Rebecca S and Cabo, Luis L},
      journal     = {A companion to forensic anthropology},
      pages       = {202-223},
      year        = {2012},
      publisher   = {Wiley Online Library}
}

@article{buikstra1994,
      title       = {Standards for data collection from human skeletal remains},
      author      = {Buikstra, Jane E},
      journal     = {Arkansas archaeological survey research series},
      volume      = {44},
      pages       = {44},
      year        = {1994},
      publisher   = {Arkansas Archaeological Survey}
}



% REVISIONES -------------------------------------------------------------------------------------------------

% Identificación de víctimas de catástrofes masivas
@article{deBoer2019,
      title       = {The role of forensic anthropology in disaster victim identification (DVI): recent developments and future prospects},
      author      = {Hans H. de Boer and Soren Blau and Tania Delabarde and Lucina Hackman and},
      year        = {2019},
      journal     = {Forensic Sciences Research},
      volume      = {4},
      number      = {4},
      pages       = {303-315},
      publisher   = {Taylor \& Francis},
}

% Identificación de víctimas de catástrofes masivas
@article{prinz2007,
      title       = {DNA Commission of the International Society for Forensic Genetics (ISFG): Recommendations regarding the role of forensic genetics for disaster victim identification (DVI)},
      author      = {M. Prinz and A. Carracedo and W.R. Mayr and N. Morling and T.J. Parsons and A. Sajantila and R. Scheithauer and H. Schmitter and P.M. Schneider},
      year        = {2007},
      journal     = {Forensic Science International: Genetics},
      volume      = {1},
      number      = {1},
      pages       = {3-12},
}

% Identificación de víctimas de exterminios y represión
@article{skinner2003,
      title       = {Guidelines for International Forensic Bio-archaeology Monitors of Mass Grave Exhumations},
      author      = {Mark Skinner and Djordje Alempijevic and Marija Djuric-Srejic},
      year        = {2003},
      journal     = {Forensic Science International},
      volume      = {134},
      number      = {2},
      pages       = {81-92},
}

@article{schmeling2016,
      title       = {Forensic Age Estimation},
      author      = {Schmeling, Andreas and Dettmeyer, Reinhard B. and Rudolf, Ernst and Vieth, Volker and Geserick, Gunther},
      year        = {2016},
      journal     = {Deutsches Arzteblatt international},
      volume      = {113},
      number      = {4},
      pages       = {44-50},
}

%@article{malgosa2010,
      title       = {La antropología forense al servicio de la justicia y la historia: las fosas de la Guerra Civil},
      author      = {Malgosa, A. and Armentano, N. and Galtés, I. and Jordana, X. and Subirana, M. and Gassiot, E. and Luna, M. and Lalueza, C. and Solé, Q.},
      year        = {2010},
      journal     = {Cuadernos de Medicina Forense},
      volume      = {16},
      pages       = {65-79},
      publisher   = {scieloes},
      language    = {es},
}

@article{tidballbinz2021,
      title       = {Humanitarian forensic action: A new forensic discipline helping to implement international law and construct peace},
      author      = {Morris V. Tidball‐Binz and Stephen M. Cordner},
      year        = {2021},
      journal     = {WIREs Forensic Science},
}

@article{mesejo2020,
      title       = {A Survey on Artificial Intelligence Techniques for Biomedical Image Analysis in Skeleton-Based Forensic Human Identification},
      author      = {Mesejo, Pablo and Martos, Rubén and Ibáñez, Óscar and Novo, Jorge and Ortega, Marcos},
      year        = {2020},
      journal     = {Applied Sciences},
      volume      = {10},
      number      = {14},
      pages       = {4703},
      publisher   = {MDPI}
}

@article{flouri2022,
      title       = {Ancestry Estimation: Advances and Limitations in Forensic Applications},
      author      = {Flouri, D.E. and Alifragki, A. and Gómez García-Donas, J. and Kranioti, E.F.},
      year        = {2022},
      journal     = {Research and Reports in Forensic Medical Science},
      volume      = {12},
      pages       = {13-24},
}

@article{marcante2025,
      author      = {Marcante, Beatrice and Marino, Laura and Cattaneo, Narjis Elisa and Delicati, Arianna and Tozzo, Pamela and Caenazzo, Luciana},
      title       = {Advancing Forensic Human Chronological Age Estimation: Biochemical, Genetic, and Epigenetic Approaches from the Last 15 Years: A Systematic Review},
      journal     = {International Journal of Molecular Sciences},
      volume      = {26},
      year        = {2025},
      number      = {7},
}

@article{marquez2015,
      title       = {An overview of age estimation in forensic anthropology: perspectives and practical considerations},
      author      = {Marquez-Grant, Nicholas},
      journal     = {Annals of human biology},
      volume      = {42},
      number      = {4},
      pages       = {308-322},
      year        = {2015},
      publisher   = {Taylor \& Francis}
}



% CONFERENCIAS -----------------------------------------------------------------------------------------------

@inproceedings{darmawan2015,
      author      = {Darmawan, Mohd Faaizie and Yusuf, Suhaila Mohamad and Rozi, Muhammad Asyraf and Haron, Habibollah},
      booktitle   = {2015 IEEE Student Conference on Research and Development (SCOReD)}, 
      title       = {Hybrid PSO-ANN for sex estimation based on length of left hand bone}, 
      year        = {2015},
      pages       = {478-483},
      organization= {IEEE}
}

@inproceedings{stern2014,
      title       = {Fully automatic bone age estimation from left hand MR images},
      author      = {Stern, Darko and Ebner, Thomas and Bischof, Horst and Grassegger, Sabine and Ehammer, Thomas and Urschler, Martin},
      booktitle   = {Medical Image Computing and Computer-Assisted Intervention--MICCAI 2014: 17th International Conference, Boston, MA, USA},
      volume      = {17(Pt II)},
      pages       = {220-227},
      year        = {2014},
      organization= {Springer}
}

%@inproceedings{baccino1997,
      title       = {The two step strategy (TSS) or the right way to combine a dental (Lamendin) and an anthropological (Suchey--Brooks system) method for age determination},
      author      = {Baccino, E. and Zerilli, A.},
      year        = {1997},
      booktitle   = {Proceedings of the American Academy of Forensic Sciences},
      volume      = {3},
      pages       = {150},
}


% DATOS ------------------------------------------------------------------------------------------------------

%@book{kuczmarski20022000,
      title       = {2000 CDC Growth Charts for the United States: Methods and Development},
      author      = {Kuczmarski, R.J. and National Center for Health Statistics (U.S.) and National Health and Nutrition Examination Survey (U.S.)},
      year        = {2002},
      publisher   = {Department of Health and Human Services, Centers for Disease Control and Prevention, National Center for Health Statistics},
      series      = {DHHS publication},
}

% INFORMES ---------------------------------------------------------------------------------------------------

@techreport{interior2025desaparecidos,
      author      = {{Ministerio del Interior de España}},
      title       = {Informe anual sobre personas desaparecidas 2025},
      year        = {2025},
      institution = {Ministerio del Interior},
}

@book{etxeberria2020,
      title       = {Las exhumaciones de la Guerra Civil y la dictadura franquista 2000-2019: Estado actual y recomendaciones de futuro},
      author      = {Francisco Etxeberria},
      year        = {2020},
      publisher   = {Secretaría de Estado de Memoria Democrática},
      address     = {Madrid, España},
      isbn        = {978-84-7471-146-2}, 
      url         = {https://www.mpr.gob.es/servicios/publicaciones/Documents/Exhumaciones_Guerra_Civil_accesible_BAJA.pdf}
}

% WEB --------------------------------------------------------------------------------------------------------

@online{AAA2022AnthropologyDefinition,
      author       = {{American Anthropological Association}},
      title        = {What is Anthropology?},
      year         = {2022},
      url          = {https://americananthro.org/learn-teach/what-is-anthropology/},
      note         = {Consultado el 01/04/2025},
      organization = {American Anthropological Association}
}

% LIBROS -----------------------------------------------------------------------------------------------------

@book{byers2023,
	title       = {Introduction to Forensic Anthropology},
	author      = {Byers, Steven N. and Juarez, Chelsey A.},
	year        = {2023},
	publisher   = {Routledge},
	edition     = {6},
}

@book{thompson2006,
      title       = {Forensic Human Identification: An Introduction},
      author      = {Thompson, Tim and Black, Sue},
      year        = {2006},
      publisher   = {Taylor \& Francis},
      edition     = {1},

}

@book{scheuer2004,
      title       = {The juvenile skeleton},
      author      = {Scheuer, Louise and Black, Sue},
      year        = {2004},
      publisher   = {Elsevier},
      edition     = {1},
}

@inbook{ubelaker2018,
      author      = {Ubelaker, Douglas H.},
      publisher   = {John Wiley \& Sons, Ltd},
      title       = {Forensic Anthropology: Methodology and Diversity of Applications},
      booktitle   = {Biological Anthropology of the Human Skeleton},
      chapter     = {2},
      pages       = {43-71},
      year        = {2018},
}

@book{scheuer2000,
      title       = {Developmental Juvenile Osteology},
      author      = {Scheuer, Louise and Black, Sue},
      year        = {2000},
      publisher   = {Academic Press},
      edition     = {1},
}

@book{adserias2019,
      title       = {Age estimation: a multidisciplinary approach},
      author      = {Adserias-Garriga, Joe},
      year        = {2019},
      publisher   = {Academic Press}
}

% OTROS ------------------------------------------------------------------------------------------------------

@online{nawrocki2006,
      title       = {An Outline Of Forensic Anthropology},
      author      = {Stephen P. Nawrocki},
      year        = {2006},
      publisher   = {University of Indianapolis Archeology \& Forensics Laboratory},
      url         = {https://web.archive.org/web/20110615005707/},
      note        = {Archivado del original (PDF) el 15 de junio de 2015. Consultado el 30 de abril de 2025}
}

%@misc{lorente1999,
      title        = {Identificación humana y medicina legal: Consideraciones éticas y jurídicas},
      author       = {Miguel Lorente Acosta and José Antonio Lorente Acosta and Enrique Villanueva Cañadas},
      year         = {1999},
      howpublished = "\url{https://www.ugr.es/~eianez/Biotecnologia/huella.htm}",
      note         = {Consultado el 08/04/2025}
}

@online{swganth2010,
      title       = {Personal Identification},
      author      = {{Scientific Working Group for Forensic Anthropology (SWGANTH)}},
      year        = {2010},
      url         = {https://www.nist.gov/system/files/documents/2018/03/13/swganth_personal_identification.pdf},
      note        = {Consultado el 25 de abril de 2025}
}






% ------------------------------------------------------------------------------------------------------------
% MIGRATION --------------------------------------------------------------------------------------------------
% ------------------------------------------------------------------------------------------------------------

%@book{unicef2013,
      author      = {{United Nations Children's Fund}},
      title       = {Every Child's Birth Right: Inequities and trends in birth registration},
      year        = {2013},
      publisher   = {UNICEF},
      address     = {New York}
}

@techreport{fge2024,
  author       = {{Fiscalía General del Estado}},
  title        = {Memoria de la Fiscalía General del Estado 2024},
  year         = {2024},
  institution  = {Fiscalía General del Estado},
  address      = {Madrid, España},
}

@techreport{fge2019,
  author       = {{Fiscalía General del Estado}},
  title        = {Memoria de la Fiscalía General del Estado 2019},
  year         = {2019},
  institution  = {Fiscalía General del Estado},
  address      = {Madrid, España},
}

@techreport{fge2016,
  author       = {{Fiscalía General del Estado}},
  title        = {Memoria de la Fiscalía General del Estado 2016},
  year         = {2016},
  institution  = {Fiscalía General del Estado},
  address      = {Madrid, España},
}

@techreport{fge2013,
  author       = {{Fiscalía General del Estado}},
  title        = {Memoria de la Fiscalía General del Estado 2013},
  year         = {2013},
  institution  = {Fiscalía General del Estado},
  address      = {Madrid, España},
}


% ------------------------------------------------------------------------------------------------------------
% MACHINE LEARNING -------------------------------------------------------------------------------------------
% ------------------------------------------------------------------------------------------------------------

% ARTÍCULOS --------------------------------------------------------------------------------------------------

@article{turing1950,
      title       = {I.—COMPUTING MACHINERY and INTELLIGENCE},
      author      = {Turing, A.M.},
      year        = {1950},
      journal     = {Mind},
      volume      = {LIX},
      number      = {236},
      pages       = {433-460},
}

@article{samuel1959,
      author      = {Samuel, A. L.},
      journal     = {IBM Journal of Research and Development}, 
      title       = {Some Studies in Machine Learning Using the Game of Checkers}, 
      year        = {1959},
      volume      = {3},
      number      = {3},
      pages       = {210-229},
}


% Perceptron
@article{rosenblatt1958,
      title       = {The perceptron: a probabilistic model for information storage and organization in the brain},
      author      = {Rosenblatt, F.},
      year        = {1958},
      journal     = {Psychological Review},
      volume      = {65(6)},
      pages       = {386-408}
}

@article{mcculloch1943,
      title       = {A logical calculus of the ideas immanent in nervous activity},
      author      = {McCulloch, Warren S. and Pitts, Walter},
      year        = {1943},
      journal     = {The bulletin of mathematical biophysics},
      volume      = {5},
      number      = {4},
      pages       = {115-133}
}

@article{quinlan1986,
      title       = {Induction of decision trees},
      author      = {Quinlan, J. Ross},
      journal     = {Machine learning},
      volume      = {1},
      pages       = {81-106},
      year        = {1986},
      publisher   = {Springer}
}


@article{rumelhart1986,
      title       = {Learning representations by back-propagating errors},
      author      = {Rumelhart, David E. and Hinton, Geoffrey E. and Williams, Ronald J.},
      year        = {1986},
      journal     = {Nature},
      volume      = {323},
      pages       = {533-536},
}

@article{chen2019,
      title       = {Invariance reduces Variance: Understanding Data Augmentation in Deep Learning and Beyond},
      author      = {Shuxiao Chen and Edgar Dobriban and Jane Lee},
      journal     = {ArXiv},
      year        = {2019},
      url         = {https://api.semanticscholar.org/CorpusID:198895147}
}

@article{srivastava2014,
      author      = {Nitish Srivastava and Geoffrey Hinton and Alex Krizhevsky and Ilya Sutskever and Ruslan Salakhutdinov},
      title       = {Dropout: A Simple Way to Prevent Neural Networks from Overfitting},
      journal     = {Journal of Machine Learning Research},
      year        = {2014},
      volume      = {15},
      number      = {56},
      pages       = {1929-1958},
}

@misc{tompson2015,
      title       = {Efficient Object Localization Using Convolutional Networks}, 
      author      = {Jonathan Tompson and Ross Goroshin and Arjun Jain and Yann LeCun and Christopher Bregler},
      year        = {2015},
      archivePrefix = {arXiv},
      primaryClass = {cs.CV},
      url         = {https://arxiv.org/abs/1411.4280}, 
}

@misc{keskar2017,
      title       = {On Large-Batch Training for Deep Learning: Generalization Gap and Sharp Minima}, 
      author      = {Nitish Shirish Keskar and Dheevatsa Mudigere and Jorge Nocedal and Mikhail Smelyanskiy and Ping Tak Peter Tang},
      year        = {2017},
      archivePrefix = {arXiv},
      primaryClass = {cs.LG},
      url         ={https://arxiv.org/abs/1609.04836}, 
}

@article{bottou2010,
      title       = {Large-Scale Machine Learning with Stochastic Gradient Descent},
      author      = {Bottou, Léon},
      year        = {2010},
      journal     = {Proc. of COMPSTAT'2010},
      pages       = {177-186},
}

@misc{ioffe2015,
      title       = {Batch Normalization: Accelerating Deep Network Training by Reducing Internal Covariate Shift}, 
      author      = {Sergey Ioffe and Christian Szegedy},
      year        = {2015},
      archivePrefix = {arXiv},
      primaryClass = {cs.LG},
      url         = {https://arxiv.org/abs/1502.03167}, 
}

@misc{santurkar2019,
      title       = {How Does Batch Normalization Help Optimization?}, 
      author      = {Shibani Santurkar and Dimitris Tsipras and Andrew Ilyas and Aleksander Madry},
      year        = {2019},
      archivePrefix ={arXiv},
      primaryClas = {stat.ML},
      url         = {https://arxiv.org/abs/1805.11604}, 
}

@misc{arora2018,
      title       = {Theoretical Analysis of Auto Rate-Tuning by Batch Normalization}, 
      author      = {Sanjeev Arora and Zhiyuan Li and Kaifeng Lyu},
      year        = {2018},
      archivePrefix = {arXiv},
      primaryClass = {cs.LG},
      url         = {https://arxiv.org/abs/1812.03981}, 
}

@article{sesia2020,
      title       = {A comparison of some conformal quantile regression methods},
      author      = {Sesia, Matteo and Candès, Emmanuel J},
      journal     = {Stat},
      volume      = {9},
      number      = {1},
      pages       = {e261},
      year        = {2020},
      publisher   = {Wiley Online Library}
}

@article{gneiting2007,
      title       = {Strictly proper scoring rules, prediction, and estimation},
      author      = {Gneiting, Tilmann and Raftery, Adrian E},
      journal     = {Journal of the American statistical Association},
      volume      = {102},
      number      = {477},
      pages       = {359-378},
      year        = {2007},
      publisher   = {Taylor \& Francis}
}

@article{nemani2023,
      title       = {Uncertainty quantification in machine learning for engineering design and health prognostics: A tutorial},
      author      = {Nemani, Venkat and Biggio, Luca and Huan, Xun and Hu, Zhen and Fink, Olga and Tran, Anh and Wang, Yan and Zhang, Xiaoge and Hu, Chao},
      journal     = {Mechanical Systems and Signal Processing},
      volume      = {205},
      pages       = {110796},
      year        = {2023},
      publisher   = {Elsevier}
}

@article{begoli2019,
      title       = {The need for uncertainty quantification in machine-assisted medical decision making},
      author      = {Begoli, Edmon and Bhattacharya, Tanmoy and Kusnezov, Dimitri},
      journal     = {Nature Machine Intelligence},
      volume      = {1},
      number      = {1},
      pages       = {20-23},
      year        = {2019},
      publisher   = {Nature Publishing Group UK London}
}

@article{angelov2021,
      title       = {Explainable artificial intelligence: an analytical review},
      author      = {Angelov, Plamen P and Soares, Eduardo A and Jiang, Richard and Arnold, Nicholas I and Atkinson, Peter M},
      journal     = {Wiley Interdisciplinary Reviews: Data Mining and Knowledge Discovery},
      volume      = {11},
      number      = {5},
      pages       = {e1424},
      year        = {2021},
      publisher   = {Wiley Online Library}
}

@article{ali2023,
      title       = {Explainable Artificial Intelligence (XAI): What we know and what is left to attain Trustworthy Artificial Intelligence},
      author      = {Ali, Sajid and Abuhmed, Tamer and El-Sappagh, Shaker and Muhammad, Khan and Alonso-Moral, Jose M and Confalonieri, Roberto and Guidotti, Riccardo and Del Ser, Javier and D{\'\i}az-Rodr{\'\i}guez, Natalia and Herrera, Francisco},
      journal     = {Information fusion},
      volume      = {99},
      pages       = {101805},
      year        = {2023},
      publisher   = {Elsevier}
}

@article{abdar2021,
      title       = {A review of uncertainty quantification in deep learning: Techniques, applications and challenges},
      author      = {Abdar, Moloud and Pourpanah, Farhad and Hussain, Sadiq and Rezazadegan, Dana and Liu, Li and Ghavamzadeh, Mohammad and Fieguth, Paul and Cao, Xiaochun and Khosravi, Abbas and Acharya, U Rajendra and others},
      journal     = {Information fusion},
      volume      = {76},
      pages       = {243-297},
      year        = {2021},
      publisher   = {Elsevier}
}

@article{psaros2023,
      title       = {Uncertainty quantification in scientific machine learning: Methods, metrics, and comparisons},
      author      = {Psaros, Apostolos F and Meng, Xuhui and Zou, Zongren and Guo, Ling and Karniadakis, George Em},
      journal     = {Journal of Computational Physics},
      volume      = {477},
      pages       = {111902},
      year        = {2023},
      publisher   = {Elsevier}
}

@article{miller2019,
      title       = {Explanation in artificial intelligence: Insights from the social sciences},
      author      = {Miller, Tim},
      journal     = {Artificial intelligence},
      volume      = {267},
      pages       = {1-38},
      year        = {2019},
      publisher   = {Elsevier}
}

@article{salvi2025,
      title       = {Explainability and uncertainty: Two sides of the same coin for enhancing the interpretability of deep learning models in healthcare},
      author      = {Salvi, Massimo and Seoni, Silvia and Campagner, Andrea and Gertych, Arkadiusz and Acharya, U Rajendra and Molinari, Filippo and Cabitza, Federico},
      journal     = {International Journal of Medical Informatics},
      volume      = {197},
      pages       = {105846},
      year        = {2025},
      publisher   = {Elsevier}
}

@article{loshchilov2017,
      title       = {Decoupled weight decay regularization},
      author      = {Loshchilov, Ilya and Hutter, Frank},
      journal     = {arXiv preprint arXiv:1711.05101},
      year        = {2017}
}

@article{smith2018,
      title       = {A disciplined approach to neural network hyper-parameters: Part 1--learning rate, batch size, momentum, and weight decay},
      author      = {Smith, Leslie N},
      journal     = {arXiv preprint arXiv:1803.09820},
      year        = {2018}
}

@article{prinster2024,
      title       = {Conformal validity guarantees exist for any data distribution (and how to find them)},
      author      = {Prinster, Drew and Stanton, Samuel and Liu, Anqi and Saria, Suchi},
      journal     = {arXiv preprint arXiv:2405.06627},
      year        = {2024}
}

@article{wolpert1997,
      title       = {No free lunch theorems for optimization},
      author      = {Wolpert, David H and Macready, William G},
      journal     = {IEEE transactions on evolutionary computation},
      volume      = {1},
      number      = {1},
      pages       = {67-82},
      year        = {1997},
      publisher   = {IEEE}
}

@article{foygel2021,
      title       = {The limits of distribution-free conditional predictive inference},
      author      = {Foygel Barber, Rina and Candes, Emmanuel J and Ramdas, Aaditya and Tibshirani, Ryan J},
      journal     = {Information and Inference: A Journal of the IMA},
      volume      = {10},
      number      = {2},
      pages       = {455-482},
      year        = {2021},
      publisher   = {Oxford University Press}
}

@article{steinwart2011,
      title       = {Estimating conditional quantiles with the help of the pinball loss},
      author      = {Steinwart, Ingo and Christmann, Andreas},
      year        = {2011},
      journal     = {Bernoulli},
      volume      = {17},
      number      = {1},
      pages       = {221-225},
}

@article{bowman1992,
      title       = {The relationship between biological and chronological age in the juvenile remains from St Bride's Church, Fleet Street},
      author      = {MacLaughlin, {S. M.} and Bowman, {J. E.} and L. Scheuer},
      year        = {1992},
      volume      = {19},
      pages       = {211-216},
      journal     = {Annals of Human Biology},
      publisher   = {Taylor \& Francis},
      number      = {2},

}

@article{barber2021,
      title       = {Predictive inference with the jackknife+},
      author      = {Barber, Rina Foygel and Candes, Emmanuel J and Ramdas, Aaditya and Tibshirani, Ryan J},
      journal     = {The Annals of Statistics},
      volume      = {49},
      number      = {1},
      pages       = {486-507},
      year        = {2021},
      publisher   = {JSTOR}
}

@inproceedings{linusson2014,
      title       = {Signed-error conformal regression},
      author      = {Linusson, Henrik and Johansson, Ulf and L{\"o}fstr{\"o}m, Tuve},
      booktitle   = {Advances in Knowledge Discovery and Data Mining: 18th Pacific-Asia Conference, PAKDD 2014, Tainan, Taiwan, May 13-16, 2014. Proceedings, Part I 18},
      pages       = {224-236},
      year        = {2014},
      organization= {Springer}
}

@article{stankeviciute2021,
      title       = {Conformal time-series forecasting},
      author      = {Stankeviciute, Kamile and M Alaa, Ahmed and van der Schaar, Mihaela},
      journal     = {Advances in neural information processing systems},
      volume      = {34},
      pages       = {6216-6228},
      year        = {2021}
}

@article{laxhammar2015,
      title       = {Inductive conformal anomaly detection for sequential detection of anomalous sub-trajectories},
      author      = {Laxhammar, Rikard and Falkman, G{\"o}ran},
      journal     = {Annals of Mathematics and Artificial Intelligence},
      volume      = {74},
      pages       = {67-94},
      year        = {2015},
      publisher   = {Springer}
}

@inproceedings{johansson2017,
      title       = {Model-agnostic nonconformity functions for conformal classification},
      author      = {Johansson, Ulf and Linusson, Henrik and Löfström, Tuve and Boström, Henrik},
      booktitle   = {2017 International Joint Conference on Neural Networks (IJCNN)},
      pages       = {2072-2079},
      year        = {2017},
      organization= {IEEE}
}




% REVISIONES -------------------------------------------------------------------------------------------------

@article{lecun2015,
      title       = {Deep Learning},
      author      = {LeCun, Yann and Bengio, Y. and Hinton, Geoffrey},
      year        = {2015},
      journal     = {Nature},
      volume      = {521},
      pages       = {436-44},
}

@article{bre2017,
      title       = {Prediction of wind pressure coefficients on building surfaces using Artificial Neural Networks},
      author      = {Bre, Facundo and Gimenez, Juan and Fachinotti, Víctor},
      year        = {2017},
      volume      = {158},
      journal     = {Energy and Buildings},
}

@article{loh2022,
      title       = {Application of explainable artificial intelligence for healthcare: A systematic review of the last decade (2011--2022)},
      author      = {Loh, Hui Wen and Ooi, Chui Ping and Seoni, Silvia and Barua, Prabal Datta and Molinari, Filippo and Acharya, U Rajendra},
      journal     = {Computer methods and programs in biomedicine},
      volume      = {226},
      pages       = {107161},
      year        = {2022},
      publisher   = {Elsevier}
}




% LIBROS -----------------------------------------------------------------------------------------------------

@book{domingos2015,
      title       = {The Master Algorithm: How the Quest for the Ultimate Learning Machine Will Remake Our World},
      author      = {Domingos, P.},
      year        = {2015},
      publisher   = {Penguin Books Limited},
      address     = {USA},
}

@book{rusell2021,
      title       = {Artificial Intelligence: A Modern Approach},
      author      = {Russell, Stuart and Norvig, Peter},
      year        = {2021},
      publisher   = {Prentice Hall Press},
      edition     = {4rd},
}

@book{bishop2006,
      title       = {Pattern Recognition and Machine Learning},
      author      = {Bishop, Christopher M.},
      year        = {2006},
      publisher   = {Springer-Verlag},
      address     = {Berlin, Heidelberg}
}

@book{alpaydin2010,
      author      = {Alpaydin, Ethem},
      title       = {Introduction to Machine Learning},
      year        = {2010},
      publisher   = {The MIT Press},
      edition     = {2nd},
}

%@book{minksy1969,
      author      = {Minsky, M. and Papert, S.},
      title       = {Perceptrons: An Introduction to Computational Geometry},
      year        = {1969},
      publisher   = {The MIT Press},
      edition     = {1}
}

@book{werbos1994,
      author      = {Werbos, Paul John},
      title       = {The roots of backpropagation: from ordered derivatives to neural networks and political forecasting},
      year        = {1994},
      publisher   = {Wiley-Interscience},
      address     = {USA}
}

@book{murphy2022,
      title       = {Probabilistic Machine Learning: An introduction},
      author      = {Kevin P. Murphy},
      year        = {2022},
      publisher   = {MIT Press},
}

@book{szeliski2010,
      title       = {Computer Vision: Algorithms and Applications},
      author      = {Szeliski, Richard},
      year        = {2010},
      publisher   = {Springer-Verlag},
      address     = {Berlin, Heidelberg},
      edition     = {1st},
}

@misc{zhang2021,
      title       = {Dive into Deep Learning}, 
      author      = {Aston Zhang and Zachary C. Lipton and Mu Li and Alexander J. Smola},
      year        = {2021},
}

@book{goodfellow2016,
      title       = {Deep Learning},
      author      = {Ian Goodfellow and Yoshua Bengio and Aaron Courville},
      year        = {2016},
      publisher   = {MIT Press}
}

@book{vovk2005,
      title       = {Algorithmic learning in a random world},
      author      = {Vovk, Vladimir and Gammerman, Alexander and Shafer, Glenn},
      volume      = {29},
      year        = {2005},
      publisher   = {Springer}
}



% WEB --------------------------------------------------------------------------------------------------------

@misc{redhat2024DeepLearningDefinition,
      author       = {{Red Hat}},
      title        = {Deep learning},
      year         = {2023},
      url          = {https://www.redhat.com/es/topics/ai/what-is-deep-learning},
      note         = {Consultado el 10/05/2025},
}

@misc{codeworld2022understandingMLDL,
      author       = {{Code World}},
      title        = {Understanding ML \& DL in python},
      year         = {2022},
      url          = {https://codeworld.tistory.com/2},
      note         = {Consultado el 19/05/2025},
}

@misc{nvidia2025convolutionoperation,
      author       = {{NVIDIA}},
      title        = {Convolutional Neural Network},
      year         = {2025},
      url          = {https://www.nvidia.com/en-eu/glossary/convolutional-neural-network/},
      note         = {Consultado el 21/05/2025},
}

@misc{furnieles2022sigmoidandsoftmax,
      author       = {Gabriel Furnieles},
      title        = {Sigmoid and SoftMax Functions in 5 minutes},
      year         = {2022},
      url          = {https://towardsdatascience.com/sigmoid-and-softmax-functions-in-5-minutes-f516c80ea1f9/},
      note         = {Consultado el 26/05/2025},
}

@misc{lau2023crossvalidation,
      author       = {Sam Lau, Joey Gonzalez and Deb Nolan},
      title        = {Cross Validation},
      year         = {2023},
      url          = {https://learningds.org/ch/16/ms_cv.html},
      note         = {Consultado el 26/05/2025},
}



% CONFERENCIAS -----------------------------------------------------------------------------------------------

@inproceedings{vargas2021,
      author      = {Vargas, Víctor Manuel and Guijo-Rubio, David and Gutiérrez, Pedro Antonio and Hervás-Martínez, César},
      editor      = {Alba, Enrique and Luque, Gabriel and Chicano, Francisco and Cotta, Carlos
                     and Camacho, David and Ojeda-Aciego, Manuel and Montes, Susana
                     and Troncoso, Alicia and Riquelme, José and Gil-Merino, Rodrigo},
      title       = {ReLU-Based Activations: Analysis and Experimental Study for Deep Learning},
      booktitle   = {Advances in Artificial Intelligence},
      year        = {2021},
      publisher   = {Springer International Publishing},
      address     = {Cham},
      pages       = {33-43},
}

@inproceedings{sato2018,
      title       = {Interpretable Adversarial Perturbation in Input Embedding Space for Text}, 
      author      = {Motoki Sato and Jun Suzuki and Hiroyuki Shindo and Yuji Matsumoto},
      year        = {2018},
      booktitle   = {Proceedings of the 27th International Joint Conference on Artificial Intelligence (IJCAI 2018)},
      pages       = {4323-4330},
      year        = {2018},
      address     = {Stockholm, Sweden},
      publisher   = {International Joint Conferences on Artificial Intelligence},
}

@inproceedings{deng2009,
      title       = {Imagenet: A large-scale hierarchical image database},
      author      = {Deng, Jia and Dong, Wei and Socher, Richard and Li, Li-Jia and Li, Kai and Fei-Fei, Li},
      booktitle   = {2009 IEEE conference on computer vision and pattern recognition},
      pages       = {248-255},
      year        = {2009},
      organization = {IEEE}
}

@inproceedings{xie2017,
      title       = {Aggregated residual transformations for deep neural networks},
      author      = {Xie, Saining and Girshick, Ross and Dollár, Piotr and Tu, Zhuowen and He, Kaiming},
      booktitle   = {Proceedings of the IEEE conference on computer vision and pattern recognition},
      pages       = {1492-1500},
      year        = {2017}
}

@inproceedings{niculescu2005,
      title       = {Predicting good probabilities with supervised learning},
      author      = {Niculescu-Mizil, Alexandru and Caruana, Rich},
      booktitle   = {Proceedings of the 22nd international conference on Machine learning},
      pages       = {625-632},
      year        = {2005}
}

@inproceedings{zaffran2022,
      title       = {Adaptive conformal predictions for time series},
      author      = {Zaffran, Margaux and Féron, Olivier and Goude, Yannig and Josse, Julie and Dieuleveut, Aymeric},
      booktitle   = {International Conference on Machine Learning},
      pages       = {25834-25866},
      year        = {2022},
      organization= {PMLR}
}

@inproceedings{xu2021,
      title       = {Conformal prediction interval for dynamic time-series},
      author      = {Xu, Chen and Xie, Yao},
      booktitle   = {International Conference on Machine Learning},
      pages       = {11559-11569},
      year        = {2021},
      organization= {PMLR}
}


% ------------------------------------------------------------------------------------------------------------
% METROLOGY --------------------------------------------------------------------------------------------------
% ------------------------------------------------------------------------------------------------------------

@manual{jcgm100:2008,
      title        = {Evaluation of measurement data --- Guide to the expression of Uncertainty in Measurement (GUM)},
      subtitle     = {GUM 1995 with minor corrections},
      author       = {{Joint Committee for Guides in Metrology (JCGM)}},
      organization = {JCGM},
      number       = {JCGM 100:2008},
      year         = {2008},
      address      = {Sèvres, France},
      url          = {https://www.bipm.org/documents/20126/2071204/JCGM_100_2008_E.pdf},
      note         = {Consultado el 30/05/2025}
}

@manual{jcgm200:2012,
      title        = {International vocabulary of metrology --- Basic and general concepts and associated terms (VIM)},
      subtitle     = {VIM 2008 version with minor corrections},
      author       = {{Joint Committee for Guides in Metrology (JCGM)}},
      organization = {JCGM},
      number       = {JCGM 200:2012},
      year         = {2012},
      address      = {Sèvres, France},
      url          = {https://www.bipm.org/documents/20126/2071204/JCGM_200_2012.pdf},
      note         = {Consultado el 30/05/2025}
}

%@manual{jcgm200:2012es,
      title        = {Vocabulario Internacional de Metrología --- Conceptos fundamentales y generales, y términos asociados (VIM)},
      subtitle     = {Traducción de la 3ª edición del VIM 2008, con inclusión de pequeñas correcciones},
      author       = {{Joint Committee for Guides in Metrology (JCGM)}},
      translator   = {{Centro Español de Metrología (CEM)}},
      organization = {Ministerio de Industria, Energía y Turismo},
      year         = {2012},
      address      = {Madrid, España},
      url          = {https://www.cem.es/sites/default/files/vim-cem-2012web.pdf},
      note         = {Traducción al español. Consultado el 30/05/2025}
}

% ------------------------------------------------------------------------------------------------------------
% STATISTICS -------------------------------------------------------------------------------------------------
% ------------------------------------------------------------------------------------------------------------

@online{berrendero2025,
      author      = {José Ramón Berrendero},
      title       = {Materiales del libro de Estadística},
      year        = {2025},
      url         = {https://verso.mat.uam.es/~joser.berrendero/libro-est/},
      urldate     = {2025-06-02}
}

% ------------------------------------------------------------------------------------------------------------
% UNCERTAINTY ------------------------------------------------------------------------------------------------
% ------------------------------------------------------------------------------------------------------------

@article{hullermeier2021,
      title       = {Aleatoric and epistemic uncertainty in machine learning: an introduction to concepts and methods},
      author      = {Hüllermeier, E. and Waegeman, W.},
      year        = {2021},
      journal     = {Machine Learning},
      volume      = {110},
      pages       = {457–506},
}

@article{gama2012,
      title       = {A survey on learning from data streams: current and future trends},
      author      = {Joao Gama},
      journal     = {Progress in Artificial Intelligence},
      volume      = {1},
      pages       = {45-55},
      year        = {2012},
      publisher   = {Springer}
}

@online{vermorel2012,
      author      = {Joannès Vermorel},
      title       = {Quantile Regression},
      year        = {2012},
      url         = {https://www.lokad.com/quantile-regression-time-series-definition/},
      urldate     = {2025-06-02},
      organization = {LOKAD Quantitive Supply Chain}
}

@article{steinwart2011,
      title       = {Estimating conditional quantiles with the help of the pinball loss},
      author      = {Steinwart, Ingo and Christmann, Andreas},
      year        = {2011},
      journal     = {Bernoulli},
      volume      = {17},
      number      = {1},
      pages       = {221-225},
}

@book{koenker2005, 
      place       = {Cambridge}, 
      series      = {Econometric Society Monographs}, 
      title       = {Quantile Regression}, 
      publisher   = {Cambridge University Press}, 
      author      = {Koenker, Roger}, 
      year        = {2005}, 
      collection  = {Econometric Society Monographs}
}

@article{abdar2021,
      title       = {A review of uncertainty quantification in deep learning: Techniques, applications and challenges},
      author      = {Abdar, Moloud and Pourpanah, Farhad and Hussain, Sadiq and Rezazadegan, Dana and Liu, Li and Ghavamzadeh, Mohammad and Fieguth, Paul and Cao, Xiaochun and Khosravi, Abbas and Acharya, U Rajendra and others},
      journal     = {Information fusion},
      volume      = {76},
      pages       = {243-297},
      year        = {2021},
      publisher   = {Elsevier}
}

@article{tokdar2012,
      title       = {Simultaneous linear quantile regression: a semiparametric Bayesian approach},
      author      = {Tokdar, Surya T and Kadane, Joseph B},
      year        = {2012},
      journal     = {Bayesian Analysis},
      volume      = {7},
      number      = {1},
      pages       = {51-72},
}

@article{feldman2023,
      title       = {Bayesian Quantile Regression with Subset Selection: A Posterior Summarization Perspective},
      author      = {Feldman, Joseph and Kowal, Daniel},
      journal     = {arXiv preprint arXiv:2311.02043},
      year        = {2023}
}




% ------------------------------------------------------------------------------------------------------------
% CALIBRATION ------------------------------------------------------------------------------------------------
% ------------------------------------------------------------------------------------------------------------

@inproceedings{guo2017,
      title       = {On calibration of modern neural networks},
      author      = {Guo, Chuan and Pleiss, Geoff and Sun, Yu and Weinberger, Kilian Q.},
      booktitle   = {International conference on machine learning},
      pages       = {1321-1330},
      year        = {2017},
      organization= {PMLR}
}

% ------------------------------------------------------------------------------------------------------------
% CONFORMAL PREDICTION GENERAL -------------------------------------------------------------------------------
% ------------------------------------------------------------------------------------------------------------

@article{angelopoulos2021,
      title       = {A gentle introduction to conformal prediction and distribution-free uncertainty 
                     quantification},
      author      = {Angelopoulos, Anastasios N and Bates, Stephen},
      journal     = {arXiv preprint arXiv:2107.07511},
      year        = {2021}
}

# Web MAPIE
@online{mapie-docs2023,
      author      = {{Scikit-learn-contrib MAPIE developers}},
      title       = {{MAPIE: Model-Agnostic Prediction Interval Estimator}},
      year        = {2023},
      url         = {https://mapie.readthedocs.io/en/stable/},
      note        = {Accessed: 2025-07-06},
}

% ------------------------------------------------------------------------------------------------------------
% CONFORMAL PREDICTION FOR CLASSIFICATION --------------------------------------------------------------------
% ------------------------------------------------------------------------------------------------------------

% LAC
@article{sadinle2019,
      title       = {Least ambiguous set-valued classifiers with bounded error levels},
      author      = {Sadinle, Mauricio and Lei, Jing and Wasserman, Larry},
      year        = {2019},
      journal     = {Journal of the American Statistical Association},
      volume      = {114},
      number      = {525},
      pages       = {223–234},
      publisher   = {Taylor \& Francis}
}

% Mondrian
@article{vovk2003,
      title       = {Mondrian confidence machine},
      author      = {Vovk, Vladimir and Lindsay, David and Nouretdinov, Ilia and Gammerman, Alex},
      journal     = {Technical Report},
      year        = {2003}
}

% APS
@article{romano2020,
      title       = {Classification with valid and adaptive coverage},
      author      = {Romano, Yaniv and Sesia, Matteo and Candes, Emmanuel},
      journal     = {Advances in neural information processing systems},
      volume      = {33},
      pages       = {3581-3591},
      year        = {2020}
}

% RAPS
@article{angelopoulos2020,
      title       = {Uncertainty sets for image classifiers using conformal prediction},
      author      = {Angelopoulos, Anastasios and Bates, Stephen and Malik, Jitendra and Jordan, Michael I},
      journal     = {arXiv preprint arXiv:2009.14193},
      year        = {2020}
}


% --------------------------------------------------------------------------------------------------------------------------
% CONFORMAL PREDICTION FOR REGRESSION --------------------------------------------------------------------------------------
% --------------------------------------------------------------------------------------------------------------------------

% ICP
@inproceedings{papadopoulos2002,
      title       = {Inductive confidence machines for regression},
      author      = {Papadopoulos, Harris and Proedrou, Kostas and Vovk, Volodya and Gammerman, Alex},
      booktitle   = {Machine learning: ECML 2002: 13th European conference on machine learning Helsinki, 
                     Finland, August 19--23, 2002 proceedings 13},
      pages       = {345-356},
      year        = {2002},
      organization = {Springer}
}

% CQR
@article{romano2019,
      title       = {Conformalized quantile regression},
      author      = {Romano, Yaniv and Patterson, Evan and Candès, Emmanuel},
      journal     = {Advances in neural information processing systems},
      volume      = {32},
      year        = {2019}
}

% MCCQR
@inproceedings{bethell2024,
      title       = {Robust uncertainty quantification using conformalised Monte Carlo prediction},
      author      = {Bethell, Daniel and Gerasimou, Simos and Calinescu, Radu},
      booktitle   = {Proceedings of the AAAI Conference on Artificial Intelligence},
      volume      = {38},
      number      = {19},
      pages       = {20939-20948},
      year        = {2024}
}


@article{romano2020,
      title       = {With malice toward none: Assessing uncertainty via equalized coverage},
      author      = {Romano, Yaniv and Barber, Rina Foygel and Sabatti, Chiara and Candès, Emmanuel},
      journal     = {Harvard Data Science Review},
      volume      = {2},
      number      = {2},
      pages       = {4},
      year        = {2020},
      publisher   = {MIT Press-Journals}
}

@inproceedings{luo2025,
      title       = {Conformal thresholded intervals for efficient regression},
      author      = {Luo, Rui and Zhou, Zhixin},
      booktitle   = {Proceedings of the AAAI Conference on Artificial Intelligence},
      volume      = {39},
      number      = {18},
      pages       = {19216-19223},
      year        = {2025}
}

